<record><leader>00000cas a2200000 a 4500</leader><controlfield tag="001">795242132</controlfield><controlfield tag="006">m     o  d        </controlfield><controlfield tag="007">cr |||||||||||</controlfield><controlfield tag="008">120612d18441845ohudn neo     0    0eng c</controlfield><datafield ind1=" " ind2=" " tag="010"><subfield code="a">  2012263159</subfield></datafield><datafield ind1=" " ind2=" " tag="040"><subfield code="a">TXA</subfield><subfield code="b">eng</subfield><subfield code="c">TXA</subfield><subfield code="d">TXA</subfield><subfield code="d">OCLCF</subfield></datafield><datafield ind1=" " ind2=" " tag="037"><subfield code="b">ProQuest, LLC, 789 E. Eisenhower Parkway, Ann Arbor, MI 48106-1346</subfield></datafield><datafield ind1=" " ind2=" " tag="042"><subfield code="a">pcc</subfield></datafield><datafield ind1=" " ind2=" " tag="043"><subfield code="a">n-us-oh</subfield></datafield><datafield ind1="1" ind2="4" tag="050"><subfield code="a">AN2</subfield><subfield code="b">.A28x</subfield></datafield><datafield ind1="0" ind2="0" tag="245"><subfield code="a">Daily enquirer and message</subfield><subfield code="h">[electronic resource].</subfield></datafield><datafield ind1=" " ind2=" " tag="260"><subfield code="a">Cincinnati [Ohio :</subfield><subfield code="b">s.n.]</subfield></datafield><datafield ind1=" " ind2=" " tag="310"><subfield code="a">Daily (except Sunday)</subfield></datafield><datafield ind1="1" ind2=" " tag="362"><subfield code="a">Began with: New ser. v. 4, no. 38 (May 27, 1844); ceased with: New ser, v. 4, no. 238 (Jan. 18, 1845) = Whole no. 969-whole no. 1168.</subfield></datafield><datafield ind1=" " ind2=" " tag="515"><subfield code="a">Numbering irregular.</subfield></datafield><datafield ind1=" " ind2=" " tag="580"><subfield code="a">Weekly eds.: Weekly enquirer and message and: Weekly Cincinnati enquirer (Cincinnati, Ohio : 1844).</subfield></datafield><datafield ind1=" " ind2=" " tag="588"><subfield code="a">Description based on: New ser., v. 4, no. 38 (May 27, 1844); title from PDF p. 1 banner (ProQuest, viewed June 12, 2012).</subfield></datafield><datafield ind1=" " ind2=" " tag="588"><subfield code="a">Latest issue consulted: New ser, v. 4, no. 238 (Jan. 18, 1845) (ProQuest, viewed June 12, 2012).</subfield></datafield><datafield ind1=" " ind2="0" tag="651"><subfield code="a">Cincinnati (Ohio)</subfield><subfield code="v">Newspapers.</subfield></datafield><datafield ind1=" " ind2="0" tag="651"><subfield code="a">Hamilton County (Ohio)</subfield><subfield code="v">Newspapers.</subfield></datafield><datafield ind1=" " ind2="7" tag="655"><subfield code="a">Newspapers.</subfield><subfield code="2">fast</subfield><subfield code="0">(OCoLC)fst01423814</subfield></datafield><datafield ind1=" " ind2="7" tag="651"><subfield code="a">Ohio</subfield><subfield code="z">Cincinnati.</subfield><subfield code="2">fast</subfield><subfield code="0">(OCoLC)fst01205142</subfield></datafield><datafield ind1=" " ind2="7" tag="651"><subfield code="a">Ohio</subfield><subfield code="z">Hamilton County.</subfield><subfield code="2">fast</subfield><subfield code="0">(OCoLC)fst01205597</subfield></datafield><datafield ind1=" " ind2=" " tag="752"><subfield code="a">United States</subfield><subfield code="b">Ohio</subfield><subfield code="c">Hamilton</subfield><subfield code="d">Cincinnati.</subfield></datafield><datafield ind1="1" ind2=" " tag="775"><subfield code="t">Weekly enquirer and message</subfield></datafield><datafield ind1="1" ind2=" " tag="775"><subfield code="t">Weekly Cincinnati enquirer (Cincinnati, Ohio : 1844)</subfield></datafield><datafield ind1="0" ind2="8" tag="776"><subfield code="i">Print version:</subfield><subfield code="t">Daily enquirer and message</subfield><subfield code="w">(DLC)sn 83045621</subfield><subfield code="w">(OCoLC)9571374</subfield></datafield><datafield ind1="0" ind2="0" tag="780"><subfield code="t">Enquirer and message</subfield><subfield code="w">(DLC)  2012263154</subfield><subfield code="w">(OCoLC)795225257</subfield></datafield><datafield ind1="0" ind2="0" tag="785"><subfield code="t">Cincinnati daily enquirer (Cincinnati, Ohio : 1845)</subfield><subfield code="w">(DLC)  2012263157</subfield><subfield code="w">(OCoLC)797020938</subfield></datafield><datafield ind1="4" ind2="0" tag="856"><subfield code="u">http://search.proquest.com/hnpcincinnatienquirer</subfield></datafield></record>